% Encoding: x-MacRoman

@Article{Apte2017,
  author    = {Apte, Joshua S. and Messier, Kyle P. and Gani, Shahzad and Brauer, Michael and Kirchstetter, Thomas W. and Lunden, Melissa M. and Marshall, Julian D. and Portier, Christopher J. and Vermeulen, Roel C.H. and Hamburg, Steven P.},
  title     = {High-Resolution Air Pollution Mapping with Google Street View Cars: Exploiting Big Data},
  journal   = {Environmental Science \& Technology},
  year      = {2017},
  note      = {in press},
  doi       = {10.1021/acs.est.7b00891},
  eprint    = {http://dx.doi.org/10.1021/acs.est.7b00891},
  owner     = {ecchi},
  timestamp = {2017.06.05},
  url       = { 
 http://dx.doi.org/10.1021/acs.est.7b00891
 
},
}

@InProceedings{Bacher2016,
  Title                    = {An adaptive robust regression method: Application to galaxy spectrum baseline estimation},
  Author                   = {Raphael Bacher and Florent Chatelain and Olivier Michel},
  Booktitle                = {2016 IEEE International Conference on Acoustics, Speech and Signal Processing (ICASSP)},
  Year                     = {2016},
  Month                    = {March},
  Pages                    = {4423-4427},

  Doi                      = {10.1109/ICASSP.2016.7472513},
  Keywords                 = {astronomical techniques;astronomy computing;LOWESS algorithm;Least Trimmed Squares;MUSE instrument;MultiUnit Spectroscopic Explorer;adaptive robust regression method;astronomical hyperspectral data;baseline estimation;classical robust smoothing method;galaxy spectrum baseline estimation;gas spectral signature detection;simple adaptive estimation;state-of-the art baseline estimated algorithms;windowed local linear regression;Algorithm design and analysis;Context;Convergence;Estimation;Iterative methods;Robustness;Smoothing methods;Astronomy;Baseline Estimation;Least Trimmed Squares;Robust Regression;Spectroscopy}
}

@Article{boyd2011distributed,
	title={Distributed optimization and statistical learning via the alternating direction method of multipliers},
	author={Boyd, Stephen and Parikh, Neal and Chu, Eric and Peleato, Borja and Eckstein, Jonathan and others},
	journal={Foundations and Trends{\textregistered} in Machine learning},
	volume={3},
	number={1},
	pages={1--122},
	year={2011},
	publisher={Now Publishers, Inc.}
}

@Article{Charlier2015conditional,
	title={Conditional quantile estimation based on optimal quantization: from theory to practice},
	author={Charlier, Isabelle and Paindaveine, Davy and Saracco, J{\'e}r{\^o}me},
	journal={Computational Statistics \& Data Analysis},
	volume={91},
	pages={20--39},
	year={2015},
	publisher={Elsevier}
}

@Article{Combettes2005,
  Title                    = {Signal Recovery by Proximal Forward-Backward Splitting},
  Author                   = {Patrick L. Combettes and Val\'{e}rie R. Wajs},
  Journal                  = {Multiscale Modeling \& Simulation},
  Year                     = {2005},
  Number                   = {4},
  Pages                    = {1168-1200},
  Volume                   = {4},

  Doi                      = {10.1137/050626090},
  Eprint                   = { 
 http://dx.doi.org/10.1137/050626090
 
},
  Url                      = { 
 http://dx.doi.org/10.1137/050626090
 
}
}

@Article{Condat2013,
  Title                    = {{A Direct Algorithm for 1-D Total Variation Denoising}},
  Author                   = {Laurent Condat},
  Journal                  = {IEEE Signal Processing Letters},
  Year                     = {2013},

  Month                    = {Nov},
  Number                   = {11},
  Pages                    = {1054-1057},
  Volume                   = {20},

  Doi                      = {10.1109/LSP.2013.2278339},
  ISSN                     = {1070-9908},
  Keywords                 = {least squares approximations;signal denoising;1D total variation denoising;C code implementation;direct algorithm;one-dimensional discrete signal smoothing;related fused lasso problem;total variation regularized least-square problem;very-fast-noniterative algorithm;Electron tubes;Iterative methods;Noise reduction;Optimization;Signal processing algorithms;Smoothing methods;TV;Convex nonsmooth optimization;denoising;fused lasso;nonlinear smoothing;nonparametric regression;regularized least-squares;taut string;total variation}
}

@Article{davies2001,
  Title                    = {Local Extremes, Runs, Strings and Multiresolution},
  Author                   = {P. Laurie Davies and Arne Kovac},
  Journal                  = {Annals of Statistics},
  Year                     = {2001},

  Month                    = {02},
  Number                   = {1},
  Pages                    = {1--65},
  Volume                   = {29},

  Doi                      = {10.1214/aos/996986501},
  Fjournal                 = {The Annals of Statistics},
  Publisher                = {The Institute of Mathematical Statistics},
  Url                      = {http://dx.doi.org/10.1214/aos/996986501}
}

@Article{Davis2017,
  Title                    = {{Convergence rate analysis of the forward-Douglas-Rachford splitting scheme}},
  Author                   = {Damek Davis},
  Journal                  = {SIAM Journal on Optimization},
  Year                     = {2017},
  Note                     = {in press},

  Owner                    = {ecchi},
  Timestamp                = {2017.05.15},
  Url                      = {https://arxiv.org/abs/1410.2654}
}

@Article{Eddelbuettel2014,
  Title                    = {{RcppArmadillo: Accelerating R with high-performance C++ linear algebra}},
  Author                   = {Dirk Eddelbuettel and Conrad Sanderson},
  Journal                  = {Computational Statistics and Data Analysis},
  Year                     = {2014},

  Month                    = {March},
  Pages                    = {1054--1063},
  Volume                   = {71},

  Url                      = {http://dx.doi.org/10.1016/j.csda.2013.02.005}
}

@Article{He2015,
  Title                    = {{On the convergence rate of Douglas-Rachford operator splitting method}},
  Author                   = {He, Bingsheng and Yuan, Xiaoming},
  Journal                  = {Mathematical Programming},
  Year                     = {2015},
  Number                   = {2},
  Pages                    = {715--722},
  Volume                   = {153},

  Doi                      = {10.1007/s10107-014-0805-x},
  ISSN                     = {1436-4646},
  Owner                    = {ecchi},
  Timestamp                = {2017.05.15},
  Url                      = {http://dx.doi.org/10.1007/s10107-014-0805-x}
}

@Article{He2012,
  Title                    = {{On the $O(1/n)$ Convergence Rate of the Douglas-Rachford Alternating Direction Method}},
  Author                   = {Bingsheng He and Xiaoming Yuan},
  Journal                  = {SIAM Journal on Numerical Analysis},
  Year                     = {2012},
  Number                   = {2},
  Pages                    = {700-709},
  Volume                   = {50},

  Doi                      = {10.1137/110836936},
  Eprint                   = { 
 http://dx.doi.org/10.1137/110836936
 
},
  Url                      = {http://dx.doi.org/10.1137/110836936}
}

@InProceedings{Ilewicz2015,
  Title                    = {Comparison of baseline estimation algorithms for chromatographic signals},
  Author                   = {Witold Ilewicz and Marcin Kowalczuk and Micha\l{} Niezabitowski and Dariusz Buchczik and Adam G\l{}uszka},
  Booktitle                = {2015 20th International Conference on Methods and Models in Automation and Robotics (MMAR)},
  Year                     = {2015},
  Month                    = {Aug},
  Pages                    = {925-930},

  Doi                      = {10.1109/MMAR.2015.7284001},
  Keywords                 = {chromatography;curve fitting;iterative methods;least squares approximations;signal processing;assymetric least squares method;automatic threshold;baseline estimation algorithms;chromatographic signals;iterative polynomial fitting;Accuracy;Algorithm design and analysis;Approximation algorithms;Approximation methods;Estimation;Noise;Polynomials;baseline removal;chromatographic signal}
}

@Article{Johnson2013,
  Title                    = {A Dynamic Programming Algorithm for the Fused Lasso and L0-Segmentation},
  Author                   = { Nicholas A. Johnson },
  Journal                  = {Journal of Computational and Graphical Statistics},
  Year                     = {2013},
  Number                   = {2},
  Pages                    = {246-260},
  Volume                   = {22},

  Doi                      = {10.1080/10618600.2012.681238},
  Eprint                   = { 
 http://dx.doi.org/10.1080/10618600.2012.681238
 
},
  Owner                    = {ecchi},
  Timestamp                = {2017.06.01},
  Url                      = { 
 http://dx.doi.org/10.1080/10618600.2012.681238
 
}
}

@Article{Kim2009,
  Title                    = {$\ell_1$ Trend Filtering},
  Author                   = {Seung-Jean Kim and Kwangmoo Koh and Stephen Boyd and Dimitry Gorinevsky},
  Journal                  = {SIAM Review},
  Year                     = {2009},
  Number                   = {2},
  Pages                    = {339-360},
  Volume                   = {51},

  Doi                      = {10.1137/070690274},
  Eprint                   = { 
 http://dx.doi.org/10.1137/070690274
 
},
  Url                      = { 
 http://dx.doi.org/10.1137/070690274
 
}
}

@Article{Koenker1978,
  Title                    = {Regression Quantiles},
  Author                   = {Roger Koenker and Gilbert Bassett},
  Journal                  = {Econometrica},
  Year                     = {1978},
  Number                   = {1},
  Pages                    = {33-50},
  Volume                   = {46},

  ISSN                     = {00129682, 14680262},
  Publisher                = {[Wiley, Econometric Society]},
  Url                      = {http://www.jstor.org/stable/1913643}
}

@Article{KoenkerNgPortnoy1994,
	author  = {Koenker, Roger and Ng, Pin and Portnoy, Stephen},
	title   = {Quantile smoothing splines},
	journal = {Biometrika},
	year    = {1994},
	volume  = {81},
	number  = {4},
	pages   = {673-680},
	doi     = {10.1093/biomet/81.4.673},
	eprint  = {/oup/backfile/content_public/journal/biomet/81/4/10.1093/biomet/81.4.673/2/81-4-673.pdf},
	url     = { + http://dx.doi.org/10.1093/biomet/81.4.673},
}

@Article{ng2007fast,
	title={A fast and efficient implementation of qualitatively constrained quantile smoothing splines},
	author={Ng, Pin and Maechler, Martin},
	journal={Statistical Modelling},
	volume={7},
	number={4},
	pages={315--328},
	year={2007},
	publisher={Sage Publications India Pvt. Ltd, B-42, Panchsheel Enclave, New Delhi}
}

@article{nychka1995nonparametric,
	title={A nonparametric regression approach to syringe grading for quality improvement},
	author={Nychka, Doug and Gray, Gerry and Haaland, Perry and Martin, David and O'connell, Michael},
	journal={Journal of the American Statistical Association},
	volume={90},
	number={432},
	pages={1171--1178},
	year={1995},
	publisher={Taylor \& Francis}
}

@Article{Ning2014,
  Title                    = {Chromatogram baseline estimation and denoising using sparsity (BEADS) },
  Author                   = {Xiaoran Ning and Ivan W. Selesnick and Laurent Duval},
  Journal                  = {Chemometrics and Intelligent Laboratory Systems },
  Year                     = {2014},
  Pages                    = {156 - 167},
  Volume                   = {139},

  Doi                      = {https://doi.org/10.1016/j.chemolab.2014.09.014},
  ISSN                     = {0169-7439},
  Keywords                 = {Baseline correction},
  Owner                    = {ecchi},
  Timestamp                = {2017.05.15},
  Url                      = {http://www.sciencedirect.com/science/article/pii/S0169743914002032}
}

@Article{Oh2011,
  Title                    = {Fast Nonparametric Quantile Regression With Arbitrary Smoothing Methods},
  Author                   = {Hee-Seok Oh and Thomas C. M. Lee and Douglas W. Nychka},
  Journal                  = {Journal of Computational and Graphical Statistics},
  Year                     = {2011},
  Number                   = {2},
  Pages                    = {510-526},
  Volume                   = {20},

  Doi                      = {10.1198/jcgs.2010.10063},
  Eprint                   = { 
 http://dx.doi.org/10.1198/jcgs.2010.10063
 
},
  Owner                    = {ecchi},
  Timestamp                = {2017.06.21},
  Url                      = { 
 http://dx.doi.org/10.1198/jcgs.2010.10063
 
}
}

@Article{Racine2017,
	title={Nonparametric conditional quantile estimation: A locally weighted quantile kernel approach},
	author={Racine, Jeffrey S and Li, Kevin},
	journal={Journal of Econometrics},
	volume={201},
	number={1},
	pages={72--94},
	year={2017},
	publisher={Elsevier}
}

@Article{Ramdas2016,
  Title                    = {{Fast and Flexible ADMM Algorithms for Trend Filtering}},
  Author                   = {Aaditya Ramdas and Ryan J. Tibshirani},
  Journal                  = {Journal of Computational and Graphical Statistics},
  Year                     = {2016},
  Number                   = {ja},
  Pages                    = {0-0},
  Volume                   = {0},

  Doi                      = {10.1080/10618600.2015.1054033},
  Eprint                   = { 
 http://dx.doi.org/10.1080/10618600.2015.1054033
 
},
  Owner                    = {ecchi},
  Timestamp                = {2016.07.02},
  Url                      = { 
 http://dx.doi.org/10.1080/10618600.2015.1054033
 
}
}

@InProceedings{Sanyal2012,
  Title                    = {{Application of S-transform for removing baseline drift from ECG}},
  Author                   = {Alarka Sanyal and Arijit Baral and Abhijit Lahiri},
  Booktitle                = {2012 2nd National Conference on Computational Intelligence and Signal Processing (CISP)},
  Year                     = {2012},
  Month                    = {March},
  Pages                    = {153-157},

  Doi                      = {10.1109/NCCISP.2012.6189697},
  Keywords                 = {electrocardiography;electromagnetic interference;medical signal processing;signal denoising;wavelet transforms;ECG signal;S-transform;baseline drift;electromagnetic interferences;frequency transformation techniques;noise elimination;powerline interference;wavelet transform;Discrete wavelet transforms;Electrocardiography;Equations;Noise;Time frequency analysis;Baseline wandering;S-transform;Wavelet transform}
}

@Article{Spingarn1985,
  Title                    = {Applications of the method of partial inverses to convex programming: Decomposition},
  Author                   = {Spingarn, Jonathan E.},
  Journal                  = {Mathematical Programming},
  Year                     = {1985},
  Number                   = {2},
  Pages                    = {199--223},
  Volume                   = {32},

  Abstract                 = {A primal--dual decomposition method is presented to solve the separable convex programming problem. Convergence to a solution and Lagrange multiplier vector occurs from an arbitrary starting point. The method is equivalent to the proximal point algorithm applied to a certain maximal monotone multifunction. In the nonseparable case, it specializes to a known method, the proximal method of multipliers. Conditions are provided which guarantee linear convergence.},
  Doi                      = {10.1007/BF01586091},
  ISSN                     = {1436-4646},
  Owner                    = {ecchi},
  Timestamp                = {2017.05.15},
  Url                      = {http://dx.doi.org/10.1007/BF01586091}
}

@article{Takeuchi2006nonparametric,
	title={Nonparametric quantile estimation},
	author={Takeuchi, Ichiro and Le, Quoc V and Sears, Timothy D and Smola, Alexander J},
	journal={Journal of Machine Learning Research},
	volume={7},
	number={Jul},
	pages={1231--1264},
	year={2006}
}

@Article{Tib2014,
  Title                    = {Adaptive piecewise polynomial estimation via trend filtering},
  Author                   = {Tibshirani, Ryan J.},
  Journal                  = {The Annals of Statistics},
  Year                     = {2014},

  Month                    = {02},
  Number                   = {1},
  Pages                    = {285--323},
  Volume                   = {42},

  Ajournal                 = {Ann. Statist.},
  Doi                      = {10.1214/13-AOS1189},
  Owner                    = {ericchi},
  Publisher                = {The Institute of Mathematical Statistics},
  Timestamp                = {2014.05.28},
  Url                      = {http://dx.doi.org/10.1214/13-AOS1189}
}

@Article{Walker2011,
  Title                    = {Anderson Acceleration for Fixed-Point Iterations},
  Author                   = {Homer F. Walker and Peng Ni},
  Journal                  = {SIAM Journal on Numerical Analysis},
  Year                     = {2011},
  Number                   = {4},
  Pages                    = {1715-1735},
  Volume                   = {49},

  Doi                      = {10.1137/10078356X},
  Eprint                   = { 
 http://dx.doi.org/10.1137/10078356X
 
},
  Url                      = { 
 http://dx.doi.org/10.1137/10078356X
 
}
}

@article{yu1998local,
	title={Local linear quantile regression},
	author={Yu, Keming and Jones, MC},
	journal={Journal of the American statistical Association},
	volume={93},
	number={441},
	pages={228--237},
	year={1998},
	publisher={Taylor \& Francis}
}

@Article{yuan2006gacv,
	title={GACV for quantile smoothing splines},
	author={Yuan, Ming},
	journal={Computational statistics \& data analysis},
	volume={50},
	number={3},
	pages={813--829},
	year={2006},
	publisher={Elsevier}
}

@Comment{jabref-meta: databaseType:bibtex;}
