% This file was created with JabRef 2.10.
% Encoding: MacRoman


@InProceedings{Bacher2016,
  Title                    = {An adaptive robust regression method: Application to galaxy spectrum baseline estimation},
  Author                   = {R. Bacher and F. Chatelain and O. Michel},
  Booktitle                = {2016 IEEE International Conference on Acoustics, Speech and Signal Processing (ICASSP)},
  Year                     = {2016},
  Month                    = {March},
  Pages                    = {4423-4427},

  Doi                      = {10.1109/ICASSP.2016.7472513},
  Keywords                 = {astronomical techniques;astronomy computing;LOWESS algorithm;Least Trimmed Squares;MUSE instrument;MultiUnit Spectroscopic Explorer;adaptive robust regression method;astronomical hyperspectral data;baseline estimation;classical robust smoothing method;galaxy spectrum baseline estimation;gas spectral signature detection;simple adaptive estimation;state-of-the art baseline estimated algorithms;windowed local linear regression;Algorithm design and analysis;Context;Convergence;Estimation;Iterative methods;Robustness;Smoothing methods;Astronomy;Baseline Estimation;Least Trimmed Squares;Robust Regression;Spectroscopy}
}

@Article{Davis2017,
  Title                    = {{Convergence rate analysis of the forward-Douglas-Rachford splitting scheme}},
  Author                   = {Damek Davis},
  Journal                  = {SIAM Journal on Optimization},
  Note                     = {in press},

  Owner                    = {ecchi},
  Timestamp                = {2017.05.15},
  Url                      = {https://arxiv.org/abs/1410.2654}
}

@Article{He2015,
  Title                    = {{On the convergence rate of Douglas-Rachford operator splitting method}},
  Author                   = {He, Bingsheng and Yuan, Xiaoming},
  Journal                  = {Mathematical Programming},
  Year                     = {2015},
  Number                   = {2},
  Pages                    = {715--722},
  Volume                   = {153},

  Doi                      = {10.1007/s10107-014-0805-x},
  ISSN                     = {1436-4646},
  Owner                    = {ecchi},
  Timestamp                = {2017.05.15},
  Url                      = {http://dx.doi.org/10.1007/s10107-014-0805-x}
}

@Article{He2012,
  Title                    = {{On the $O(1/n)$ Convergence Rate of the Douglas-Rachford Alternating Direction Method}},
  Author                   = {Bingsheng He and Xiaoming Yuan},
  Journal                  = {SIAM Journal on Numerical Analysis},
  Year                     = {2012},
  Number                   = {2},
  Pages                    = {700-709},
  Volume                   = {50},

  Doi                      = {10.1137/110836936},
  Eprint                   = { 
 http://dx.doi.org/10.1137/110836936
 
},
  Url                      = {http://dx.doi.org/10.1137/110836936}
}

@InProceedings{Ilewicz2015,
  Title                    = {Comparison of baseline estimation algorithms for chromatographic signals},
  Author                   = {W. Ilewicz and M. Kowalczuk and M. Niezabitowski and D. Buchczik and A. G\l{}uszka},
  Booktitle                = {2015 20th International Conference on Methods and Models in Automation and Robotics (MMAR)},
  Year                     = {2015},
  Month                    = {Aug},
  Pages                    = {925-930},

  Doi                      = {10.1109/MMAR.2015.7284001},
  Keywords                 = {chromatography;curve fitting;iterative methods;least squares approximations;signal processing;assymetric least squares method;automatic threshold;baseline estimation algorithms;chromatographic signals;iterative polynomial fitting;Accuracy;Algorithm design and analysis;Approximation algorithms;Approximation methods;Estimation;Noise;Polynomials;baseline removal;chromatographic signal}
}

@Article{Kim2009,
  Title                    = {$\ell_1$ Trend Filtering},
  Author                   = {Seung-Jean Kim and Kwangmoo Koh and Stephen Boyd and Dimitry Gorinevsky},
  Journal                  = {SIAM Review},
  Year                     = {2009},
  Number                   = {2},
  Pages                    = {339-360},
  Volume                   = {51},

  Doi                      = {10.1137/070690274},
  Eprint                   = { 
 http://dx.doi.org/10.1137/070690274
 
},
  Url                      = { 
 http://dx.doi.org/10.1137/070690274
 
}
}

@Article{Ning2014,
  Title                    = {Chromatogram baseline estimation and denoising using sparsity (BEADS) },
  Author                   = {Xiaoran Ning and Ivan W. Selesnick and Laurent Duval},
  Journal                  = {Chemometrics and Intelligent Laboratory Systems },
  Year                     = {2014},
  Pages                    = {156 - 167},
  Volume                   = {139},

  Doi                      = {https://doi.org/10.1016/j.chemolab.2014.09.014},
  ISSN                     = {0169-7439},
  Keywords                 = {Baseline correction},
  Owner                    = {ecchi},
  Timestamp                = {2017.05.15},
  Url                      = {http://www.sciencedirect.com/science/article/pii/S0169743914002032}
}

@Article{Ramdas2016,
  Title                    = {{Fast and Flexible ADMM Algorithms for Trend Filtering}},
  Author                   = {Aaditya Ramdas and Ryan J. Tibshirani},
  Journal                  = {Journal of Computational and Graphical Statistics},
  Year                     = {2016},
  Number                   = {ja},
  Pages                    = {0-0},
  Volume                   = {0},

  Doi                      = {10.1080/10618600.2015.1054033},
  Eprint                   = { 
 http://dx.doi.org/10.1080/10618600.2015.1054033
 
},
  Owner                    = {ecchi},
  Timestamp                = {2016.07.02},
  Url                      = { 
 http://dx.doi.org/10.1080/10618600.2015.1054033
 
}
}

@InProceedings{Sanyal2012,
  Title                    = {{Application of S-transform for removing baseline drift from ECG}},
  Author                   = {A. Sanyal and A. Baral and A. Lahiri},
  Booktitle                = {2012 2nd National Conference on Computational Intelligence and Signal Processing (CISP)},
  Year                     = {2012},
  Month                    = {March},
  Pages                    = {153-157},

  Doi                      = {10.1109/NCCISP.2012.6189697},
  Keywords                 = {electrocardiography;electromagnetic interference;medical signal processing;signal denoising;wavelet transforms;ECG signal;S-transform;baseline drift;electromagnetic interferences;frequency transformation techniques;noise elimination;powerline interference;wavelet transform;Discrete wavelet transforms;Electrocardiography;Equations;Noise;Time frequency analysis;Baseline wandering;S-transform;Wavelet transform}
}

@Article{Spingarn1985,
  Title                    = {Applications of the method of partial inverses to convex programming: Decomposition},
  Author                   = {Spingarn, Jonathan E.},
  Journal                  = {Mathematical Programming},
  Year                     = {1985},
  Number                   = {2},
  Pages                    = {199--223},
  Volume                   = {32},

  Abstract                 = {A primal--dual decomposition method is presented to solve the separable convex programming problem. Convergence to a solution and Lagrange multiplier vector occurs from an arbitrary starting point. The method is equivalent to the proximal point algorithm applied to a certain maximal monotone multifunction. In the nonseparable case, it specializes to a known method, the proximal method of multipliers. Conditions are provided which guarantee linear convergence.},
  Doi                      = {10.1007/BF01586091},
  ISSN                     = {1436-4646},
  Owner                    = {ecchi},
  Timestamp                = {2017.05.15},
  Url                      = {http://dx.doi.org/10.1007/BF01586091}
}

@Article{Tib2014,
  Title                    = {Adaptive piecewise polynomial estimation via trend filtering},
  Author                   = {Tibshirani, Ryan J.},
  Journal                  = {The Annals of Statistics},
  Year                     = {2014},

  Month                    = {02},
  Number                   = {1},
  Pages                    = {285--323},
  Volume                   = {42},

  Ajournal                 = {Ann. Statist.},
  Doi                      = {10.1214/13-AOS1189},
  Owner                    = {ericchi},
  Publisher                = {The Institute of Mathematical Statistics},
  Timestamp                = {2014.05.28},
  Url                      = {http://dx.doi.org/10.1214/13-AOS1189}
}

